@article{matrosov2009diploma,
	title = {Методы построения изображений расширенной глубины резкости},
	journal = {сборник тезисов лучших дипломных работ ВМК МГУ 2009 года},
	year = {2009},
	pages = {12-13},
	author = {Михаил Матросов}
}

@conference{matrosov2009interactive,
  author={Михаил Матросов and Виктор Гаганов and Алексей Игнатенко and Сергей Сивоволенко},
  title={Улучшение качества изображения с микроскопа при помощи технологии HDRI в интерактивном режиме},
  booktitle={GraphiCon{\textquoteright}2009},
  year={2009},
  pages={332--335},
  isbn={978-5-317-02975-3},
  language={russian},
}

@incollection{matrosov2013correction,
  year={2013},
  isbn={978-3-642-39758-5},
  booktitle={Transactions on Computational Science XIX},
  volume={7870},
  series={Lecture Notes in Computer Science},
  doi={10.1007/978-3-642-39759-2_9},
  title={Locally Adapted Detection and Correction of Unnatural Purple Colors in Images of Refractive Objects Taken by Digital Still Camera},
  url={http://dx.doi.org/10.1007/978-3-642-39759-2_9},
  publisher={Springer Berlin Heidelberg},
  keywords={color management; color calibration; segmentation; color correction; monochromatic colors; RAW-processing; perceptually uniform color spaces; light dispersion; digital still camera},
  author={Matrosov, Mikhail and Ignatenko, Alexey and Sivovolenko, Sergey},
  pages={117-130}
}
